<?xml version="1.0" encoding="UTF-8"?><collection xmlns="http://www.loc.gov/MARC21/slim"><record><leader>00358nam--2200121-i-4500</leader><controlfield tag="001">000039194</controlfield><controlfield tag="002">20161230</controlfield><controlfield tag="005">20161230201042</controlfield><controlfield tag="008">060222s1000------------r-----000-0-eng-d</controlfield><datafield ind1=" " ind2=" " tag="100"><subfield code="a">Roberts, F.F., Tillman, J.R</subfield></datafield><datafield ind1=" " ind2=" " tag="245"><subfield code="a">An introduction to the theory and practice of transistors</subfield></datafield><datafield ind1=" " ind2=" " tag="260"><subfield code="a">London, Isaac Pitman &amp; Sons, Ltd., 1961, Ccii + 340p</subfield></datafield><datafield ind1=" " ind2=" " tag="852"><subfield code="a">16731</subfield></datafield></record></collection>